@ARTICLE{switzer_and_liu2014,
   author = {{Switzer}, E.~R. and {Liu}, A.},
    title = "{Erasing the Variable: Empirical Foreground Discovery for Global 21 cm Spectrum Experiments}",
  journal = {\apj},
archivePrefix = "arXiv",
   eprint = {1404.7561},
 keywords = {dark ages, reionization, first stars, methods: data analysis, methods: statistical},
     year = 2014,
    month = oct,
   volume = 793,
      eid = {102},
    pages = {102},
      doi = {10.1088/0004-637X/793/2/102},
   adsurl = {http://adsabs.harvard.edu/abs/2014ApJ...793..102S},
  adsnote = {Provided by the SAO/NASA Astrophysics Data System}
}

@ARTICLE{masui_et_al2013,
   author = {{Masui}, K.~W. and {Switzer}, E.~R. and {Banavar}, N. and {Bandura}, K. and 
	{Blake}, C. and {Calin}, L.-M. and {Chang}, T.-C. and {Chen}, X. and 
	{Li}, Y.-C. and {Liao}, Y.-W. and {Natarajan}, A. and {Pen}, U.-L. and 
	{Peterson}, J.~B. and {Shaw}, J.~R. and {Voytek}, T.~C.},
    title = "{Measurement of 21 cm Brightness Fluctuations at z \~{} 0.8 in Cross-correlation}",
  journal = {\apjl},
archivePrefix = "arXiv",
   eprint = {1208.0331},
 primaryClass = "astro-ph.CO",
 keywords = {galaxies: evolution, large-scale structure of universe, radio lines: galaxies},
     year = 2013,
    month = jan,
   volume = 763,
      eid = {L20},
    pages = {L20},
      doi = {10.1088/2041-8205/763/1/L20},
   adsurl = {http://adsabs.harvard.edu/abs/2013ApJ...763L..20M},
  adsnote = {Provided by the SAO/NASA Astrophysics Data System}
}

@ARTICLE{greig_et_al2015b,
   author = {{Greig}, B. and {Mesinger}, A. and {Koopmans}, L.~V.~E.},
    title = "{Optimal core baseline design and observing strategy for probing the astrophysics of reionization with the SKA}",
  journal = {ArXiv e-prints},
archivePrefix = "arXiv",
   eprint = {1509.03312},
 keywords = {Astrophysics - Cosmology and Nongalactic Astrophysics, Astrophysics - Astrophysics of Galaxies},
     year = 2015,
    month = sep,
   adsurl = {http://adsabs.harvard.edu/abs/2015arXiv150903312G},
  adsnote = {Provided by the SAO/NASA Astrophysics Data System}
}

@ARTICLE{greig_et_al2015a,
   author = {{Greig}, B. and {Mesinger}, A. and {Pober}, J.~C.},
    title = "{Constraints on the temperature of the intergalactic medium at z=8.4 with 21-cm observations}",
  journal = {ArXiv e-prints},
archivePrefix = "arXiv",
   eprint = {1509.02158},
 keywords = {Astrophysics - Cosmology and Nongalactic Astrophysics},
     year = 2015,
    month = sep,
   adsurl = {http://adsabs.harvard.edu/abs/2015arXiv150902158G},
  adsnote = {Provided by the SAO/NASA Astrophysics Data System}
}

@ARTICLE{ali_et_al2015,
   author = {{Ali}, Z.~S. and {Parsons}, A.~R. and {Zheng}, H. and {Pober}, J.~C. and 
	{Liu}, A. and {Aguirre}, J.~E. and {Bradley}, R.~F. and {Bernardi}, G. and 
	{Carilli}, C.~L. and {Cheng}, C. and {DeBoer}, D.~R. and {Dexter}, M.~R. and 
	{Grobbelaar}, J. and {Horrell}, J. and {Jacobs}, D.~C. and {Klima}, P. and 
	{MacMahon}, D.~H.~E. and {Maree}, M. and {Moore}, D.~F. and 
	{Razavi}, N. and {Stefan}, I.~I. and {Walbrugh}, W.~P. and {Walker}, A.
	},
    title = "{PAPER-64 Constraints on Reionization: The 21 cm Power Spectrum at z = 8.4}",
  journal = {\apj},
archivePrefix = "arXiv",
   eprint = {1502.06016},
 keywords = {cosmology: observations, dark ages, reionization, first stars, early universe, instrumentation: interferometers, intergalactic medium},
     year = 2015,
    month = aug,
   volume = 809,
      eid = {61},
    pages = {61},
      doi = {10.1088/0004-637X/809/1/61},
   adsurl = {http://adsabs.harvard.edu/abs/2015ApJ...809...61A},
  adsnote = {Provided by the SAO/NASA Astrophysics Data System}
}

@ARTICLE{pober_et_al2015,
   author = {{Pober}, J.~C. and {Ali}, Z.~S. and {Parsons}, A.~R. and {McQuinn}, M. and 
	{Aguirre}, J.~E. and {Bernardi}, G. and {Bradley}, R.~F. and 
	{Carilli}, C.~L. and {Cheng}, C. and {DeBoer}, D.~R. and others},
    title = "{PAPER-64 Constraints On Reionization. II. The Temperature of the z =8.4 Intergalactic Medium}",
  journal = {\apj},
archivePrefix = "arXiv",
   eprint = {1503.00045},
 keywords = {dark ages, reionization, first stars, galaxies: high-redshift, intergalactic medium},
     year = 2015,
    month = aug,
   volume = 809,
      eid = {62},
    pages = {62},
      doi = {10.1088/0004-637X/809/1/62},
   adsurl = {http://adsabs.harvard.edu/abs/2015ApJ...809...62P},
  adsnote = {Provided by the SAO/NASA Astrophysics Data System}
}

@ARTICLE{parsons_et_al2014,
   author = {{Parsons}, A.~R. and {Liu}, A. and {Aguirre}, J.~E. and {Ali}, Z.~S. and 
	{Bradley}, R.~F. and {Carilli}, C.~L. and {DeBoer}, D.~R. and 
	{Dexter}, M.~R. and {Gugliucci}, N.~E. and {Jacobs}, D.~C. and others
	},
    title = "{New Limits on 21 cm Epoch of Reionization from PAPER-32 Consistent with an X-Ray Heated Intergalactic Medium at z = 7.7}",
  journal = {\apj},
archivePrefix = "arXiv",
   eprint = {1304.4991},
 keywords = {cosmology: observations, dark ages, reionization, first stars, early universe, instrumentation: interferometers, intergalactic medium, radio continuum: general},
     year = 2014,
    month = jun,
   volume = 788,
      eid = {106},
    pages = {106},
      doi = {10.1088/0004-637X/788/2/106},
   adsurl = {http://adsabs.harvard.edu/abs/2014ApJ...788..106P},
  adsnote = {Provided by the SAO/NASA Astrophysics Data System}
}

@ARTICLE{lewis_and_bridle2002,
   author = {{Lewis}, A. and {Bridle}, S.},
    title = "{Cosmological parameters from CMB and other data: A Monte Carlo approach}",
  journal = {\prd},
   eprint = {astro-ph/0205436},
 keywords = {Observational cosmology, Applications of Monte Carlo methods, Neutrino mass and mixing},
     year = 2002,
    month = nov,
   volume = 66,
   number = 10,
      eid = {103511},
    pages = {103511},
      doi = {10.1103/PhysRevD.66.103511},
   adsurl = {http://adsabs.harvard.edu/abs/2002PhRvD..66j3511L},
  adsnote = {Provided by the SAO/NASA Astrophysics Data System}
}


@ARTICLE{switzer_et_al2013,
   author = {{Switzer}, E.~R. and {Masui}, K.~W. and {Bandura}, K. and {Calin}, L.-M. and 
	{Chang}, T.-C. and {Chen}, X.-L. and {Li}, Y.-C. and {Liao}, Y.-W. and 
	{Natarajan}, A. and {Pen}, U.-L. and {Peterson}, J.~B. and {Shaw}, J.~R. and 
	{Voytek}, T.~C.},
    title = "{Determination of z {\tilde} 0.8 neutral hydrogen fluctuations using the 21 cm intensity mapping autocorrelation}",
  journal = {\mnras},
archivePrefix = "arXiv",
   eprint = {1304.3712},
 primaryClass = "astro-ph.CO",
 keywords = {galaxies: evolution, large-scale structure of universe, radio lines: galaxies},
     year = 2013,
    month = jul,
   volume = 434,
    pages = {L46-L50},
      doi = {10.1093/mnrasl/slt074},
   adsurl = {http://adsabs.harvard.edu/abs/2013MNRAS.434L..46S},
  adsnote = {Provided by the SAO/NASA Astrophysics Data System}
}

@ARTICLE{shaw_et_al2014a,
   author = {{Shaw}, J.~R. and {Sigurdson}, K. and {Pen}, U.-L. and {Stebbins}, A. and 
	{Sitwell}, M.},
    title = "{All-sky Interferometry with Spherical Harmonic Transit Telescopes}",
  journal = {\apj},
archivePrefix = "arXiv",
   eprint = {1302.0327},
 primaryClass = "astro-ph.CO",
 keywords = {cosmology: observations, dark energy, large-scale structure of universe, methods: data analysis, radio continuum: general },
     year = 2014,
    month = feb,
   volume = 781,
      eid = {57},
    pages = {57},
      doi = {10.1088/0004-637X/781/2/57},
   adsurl = {http://adsabs.harvard.edu/abs/2014ApJ...781...57S},
  adsnote = {Provided by the SAO/NASA Astrophysics Data System}
}


@ARTICLE{Liu_in_prep,
   author = {{Liu}, A. and {Parsons}, A.~R.},
  journal = {in preparation},
}

@ARTICLE{hu_and_holder2003,
   author = {{Hu}, W. and {Holder}, G.~P.},
    title = "{Model-independent reionization observables in the CMB}",
  journal = {\prd},
   eprint = {astro-ph/0303400},
 keywords = {Background radiations},
     year = 2003,
    month = jul,
   volume = 68,
   number = 2,
      eid = {023001},
    pages = {023001},
      doi = {10.1103/PhysRevD.68.023001},
   adsurl = {http://adsabs.harvard.edu/abs/2003PhRvD..68b3001H},
  adsnote = {Provided by the SAO/NASA Astrophysics Data System}
}

@ARTICLE{dai_et_al2015,
   author = {{Dai}, W.-M. and {Guo}, Z.-K. and {Cai}, R.-G.},
    title = "{Principal component analysis of the reionization history from Planck 2015 data}",
  journal = {ArXiv e-prints},
archivePrefix = "arXiv",
   eprint = {1509.01501},
 keywords = {Astrophysics - Cosmology and Nongalactic Astrophysics, High Energy Physics - Phenomenology},
     year = 2015,
    month = sep,
   adsurl = {http://adsabs.harvard.edu/abs/2015arXiv150901501D},
  adsnote = {Provided by the SAO/NASA Astrophysics Data System}
}


@ARTICLE{choudhury_et_al2009,
   author = {{Choudhury}, T.~R. and {Haehnelt}, M.~G. and {Regan}, J.},
    title = "{Inside-out or outside-in: the topology of reionization in the photon-starved regime suggested by Ly{$\alpha$} forest data}",
  journal = {\mnras},
archivePrefix = "arXiv",
   eprint = {0806.1524},
 keywords = {intergalactic medium , cosmology: theory , large-scale structure of Universe},
     year = 2009,
    month = apr,
   volume = 394,
    pages = {960-977},
      doi = {10.1111/j.1365-2966.2008.14383.x},
   adsurl = {http://adsabs.harvard.edu/abs/2009MNRAS.394..960C},
  adsnote = {Provided by the SAO/NASA Astrophysics Data System}
}


@ARTICLE{mcquinn_et_al2006,
   author = {{McQuinn}, M. and {Zahn}, O. and {Zaldarriaga}, M. and {Hernquist}, L. and 
	{Furlanetto}, S.~R.},
    title = "{Cosmological Parameter Estimation Using 21 cm Radiation from the Epoch of Reionization}",
  journal = {\apj},
   eprint = {astro-ph/0512263},
 keywords = {Cosmology: Theory, Galaxies: Intergalactic Medium, Radio Lines: General},
     year = 2006,
    month = dec,
   volume = 653,
    pages = {815-834},
      doi = {10.1086/505167},
   adsurl = {http://adsabs.harvard.edu/abs/2006ApJ...653..815M},
  adsnote = {Provided by the SAO/NASA Astrophysics Data System}
}



@ARTICLE{worseck_et_al2014,
   author = {{Worseck}, G. and {Prochaska}, J.~X. and {Hennawi}, J.~F. and 
	{McQuinn}, M.},
    title = "{Early and Extended Helium Reionization Over More Than 600 Million Years of Cosmic Time}",
  journal = {ArXiv e-prints},
archivePrefix = "arXiv",
   eprint = {1405.7405},
 keywords = {Astrophysics - Cosmology and Nongalactic Astrophysics},
     year = 2014,
    month = may,
   adsurl = {http://adsabs.harvard.edu/abs/2014arXiv1405.7405W},
  adsnote = {Provided by the SAO/NASA Astrophysics Data System}
}

@ARTICLE{tingay_et_al2013,
   author = {{Tingay}, S.~J. and {Goeke}, R. and {Bowman}, J.~D. and {Emrich}, D. and 
    {Ord}, S.~M. and {Mitchell}, D.~A. and {Morales}, M.~F. and 
    {Booler}, T. and {Crosse}, B. and {Wayth}, R.~B. and others},
    title = "{The Murchison Widefield Array: The Square Kilometre Array Precursor at Low Radio Frequencies}",
  journal = {\pasa},
archivePrefix = "arXiv",
   eprint = {1206.6945},
 primaryClass = "astro-ph.IM",
 keywords = {instrumentation: interferometers, techniques: image processing, techniques: interferometric, radio continuum: general, radio lines: general, early Universe},
     year = 2013,
    month = jan,
   volume = 30,
      eid = {e007},
    pages = {7},
      doi = {10.1017/pasa.2012.007},
   adsurl = {http://adsabs.harvard.edu/abs/2013PASA...30....7T},
  adsnote = {Provided by the SAO/NASA Astrophysics Data System}
}

@ARTICLE{van_haarlem_et_al2013,
   author = {{van Haarlem}, M.~P. and {Wise}, M.~W. and {Gunst}, A.~W. and 
	{Heald}, G. and {McKean}, J.~P. and {Hessels}, J.~W.~T. and 
	{de Bruyn}, A.~G. and {Nijboer}, R. and {Swinbank}, J. and {Fallows}, R. and 
	others},
    title = "{LOFAR: The LOw-Frequency ARray}",
  journal = {\aap},
archivePrefix = "arXiv",
   eprint = {1305.3550},
 primaryClass = "astro-ph.IM",
 keywords = {instrumentation: interferometers, radio continuum: general, radio lines: general, dark ages, reionization, first stars, telescopes},
     year = 2013,
    month = aug,
   volume = 556,
      eid = {A2},
    pages = {A2},
      doi = {10.1051/0004-6361/201220873},
   adsurl = {http://adsabs.harvard.edu/abs/2013A%26A...556A...2V},
  adsnote = {Provided by the SAO/NASA Astrophysics Data System}
}

@ARTICLE{bowman_et_al2012,
   author = {{Bowman}, J.~D. and {Cairns}, I. and {Kaplan}, D.~L. and {Murphy}, T. and 
    {Oberoi}, D. and {Staveley-Smith}, L. and {Arcus}, W. and {Barnes}, D.~G. and 
    {Bernardi}, G. and {Briggs}, F.~H. and others},
    title = "{Science with the Murchison Widefield Array}",
  journal = {\pasa},
archivePrefix = "arXiv",
   eprint = {1212.5151},
 primaryClass = "astro-ph.IM",
 keywords = {dark ages, reionisation, first stars, instrumentation: interferometers, radio continuum: general, radio lines: general, Sun: general},
     year = 2013,
    month = apr,
   volume = 30,
      eid = {e031},
    pages = {31},
      doi = {10.1017/pas.2013.009},
   adsurl = {http://adsabs.harvard.edu/abs/2013PASA...30...31B},
  adsnote = {Provided by the SAO/NASA Astrophysics Data System}
}

@ARTICLE{parsons_et_al2010,
   author = {{Parsons}, A.~R. and {Backer}, D.~C. and {Foster}, G.~S. and 
	{Wright}, M.~C.~H. and {Bradley}, R.~F. and {Gugliucci}, N.~E. and 
	{Parashare}, C.~R. and {Benoit}, E.~E. and {Aguirre}, J.~E. and 
	{Jacobs}, D.~C. and {Carilli}, C.~L. and {Herne}, D. and {Lynch}, M.~J. and 
	{Manley}, J.~R. and {Werthimer}, D.~J.},
    title = "{The Precision Array for Probing the Epoch of Re-ionization: Eight Station Results}",
  journal = {\aj},
archivePrefix = "arXiv",
   eprint = {0904.2334},
 keywords = {cosmology: observations, instrumentation: interferometers, radio continuum: general, techniques: interferometric, site testing, telescopes},
     year = 2010,
    month = apr,
   volume = 139,
    pages = {1468-1480},
      doi = {10.1088/0004-6256/139/4/1468},
   adsurl = {http://adsabs.harvard.edu/abs/2010AJ....139.1468P},
  adsnote = {Provided by the SAO/NASA Astrophysics Data System}
}


@ARTICLE{liu_et_al2014a,
   author = {{Liu}, A. and {Parsons}, A.~R. and {Trott}, C.~M.},
    title = "{Epoch of reionization window. I. Mathematical formalism}",
  journal = {\prd},
archivePrefix = "arXiv",
   eprint = {1404.2596},
 keywords = {Observation and data reduction techniques, computer modeling and simulation, Mathematical procedures and computer techniques, Cosmology, Observational cosmology},
     year = 2014,
    month = jul,
   volume = 90,
   number = 2,
      eid = {023018},
    pages = {023018},
      doi = {10.1103/PhysRevD.90.023018},
   adsurl = {http://adsabs.harvard.edu/abs/2014PhRvD..90b3018L},
  adsnote = {Provided by the SAO/NASA Astrophysics Data System}
}

@ARTICLE{parsons_et_al2012a,
   author = {{Parsons}, A. and {Pober}, J. and {McQuinn}, M. and {Jacobs}, D. and 
	{Aguirre}, J.},
    title = "{A Sensitivity and Array-configuration Study for Measuring the Power Spectrum of 21 cm Emission from Reionization}",
  journal = {\apj},
archivePrefix = "arXiv",
   eprint = {1103.2135},
 primaryClass = "astro-ph.IM",
 keywords = {cosmology: observations, instrumentation: interferometers, methods: observational, techniques: interferometric, telescopes},
     year = 2012,
    month = jul,
   volume = 753,
      eid = {81},
    pages = {81},
      doi = {10.1088/0004-637X/753/1/81},
   adsurl = {http://adsabs.harvard.edu/abs/2012ApJ...753...81P},
  adsnote = {Provided by the SAO/NASA Astrophysics Data System}
}

@ARTICLE{deOliveiraCosta_et_al2008,
   author = {{de Oliveira-Costa}, A. and {Tegmark}, M. and {Gaensler}, B.~M. and 
	{Jonas}, J. and {Landecker}, T.~L. and {Reich}, P.},
    title = "{A model of diffuse Galactic radio emission from 10 MHz to 100 GHz}",
  journal = {\mnras},
archivePrefix = "arXiv",
   eprint = {0802.1525},
 keywords = {methods: data analysis , astronomical data bases: miscellaneous , ISM: structure , diffuse radiation , radio continuum: ISM},
     year = 2008,
    month = jul,
   volume = 388,
    pages = {247-260},
      doi = {10.1111/j.1365-2966.2008.13376.x},
   adsurl = {http://adsabs.harvard.edu/abs/2008MNRAS.388..247D},
  adsnote = {Provided by the SAO/NASA Astrophysics Data System}
}

@ARTICLE{Planck2015overview,
   author = {{Planck Collaboration} and {Adam}, R. and {Ade}, P.~A.~R. and 
	{Aghanim}, N. and {Akrami}, Y. and {Alves}, M.~I.~R. and {Arnaud}, M. and 
	{Arroja}, F. and {Aumont}, J. and {Baccigalupi}, C. and others},
    title = "{Planck 2015 results. I. Overview of products and scientific results}",
  journal = {ArXiv e-prints},
archivePrefix = "arXiv",
   eprint = {1502.01582},
 keywords = {Astrophysics - Cosmology and Nongalactic Astrophysics},
     year = 2015,
    month = feb,
   adsurl = {http://adsabs.harvard.edu/abs/2015arXiv150201582P},
  adsnote = {Provided by the SAO/NASA Astrophysics Data System}
}


@ARTICLE{Planck2015likelihood,
   author = {{Planck Collaboration} and {Aghanim}, N. and {Arnaud}, M. and 
	{Ashdown}, M. and {Aumont}, J. and {Baccigalupi}, C. and {Banday}, A.~J. and 
	{Barreiro}, R.~B. and {Bartlett}, J.~G. and {Bartolo}, N. and others},
    title = "{Planck 2015 results. XI. CMB power spectra, likelihoods, and robustness of parameters}",
  journal = {ArXiv e-prints},
archivePrefix = "arXiv",
   eprint = {1507.02704},
 keywords = {Astrophysics - Cosmology and Nongalactic Astrophysics},
     year = 2015,
    month = jul,
   adsurl = {http://adsabs.harvard.edu/abs/2015arXiv150702704P},
  adsnote = {Provided by the SAO/NASA Astrophysics Data System}
}

@ARTICLE{Planck2015parameters,
   author = {{Planck Collaboration} and {Ade}, P.~A.~R. and {Aghanim}, N. and 
	{Arnaud}, M. and {Ashdown}, M. and {Aumont}, J. and {Baccigalupi}, C. and 
	{Banday}, A.~J. and {Barreiro}, R.~B. and {Bartlett}, J.~G. and others},
    title = "{Planck 2015 results. XIII. Cosmological parameters}",
  journal = {ArXiv e-prints},
archivePrefix = "arXiv",
   eprint = {1502.01589},
 keywords = {Astrophysics - Cosmology and Nongalactic Astrophysics},
     year = 2015,
    month = feb,
   adsurl = {http://adsabs.harvard.edu/abs/2015arXiv150201589P},
  adsnote = {Provided by the SAO/NASA Astrophysics Data System}
}

@ARTICLE{bowman2010,
  author = {{Bowman}, J.~D. and {Rogers}, A.~E.~E.},
   title = "{A lower limit of {$\Delta$}z{\gt}0.06 for the duration of the reionization epoch}",
 journal = {\nat},
archivePrefix = "arXiv",
  eprint = {1209.1117},
    year = 2010,
   month = dec,
  volume = 468,
   pages = {796-798},
     doi = {10.1038/nature09601},
  adsurl = {http://adsabs.harvard.edu/abs/2010Natur.468..796B},
 adsnote = {Provided by the SAO/NASA Astrophysics Data System}
}

@ARTICLE{mellema_et_al2013,
   author = {{Mellema}, G. and {Koopmans}, L.~V.~E. and {Abdalla}, F.~A. and 
	{Bernardi}, G. and {Ciardi}, B. and {Daiboo}, S. and {de Bruyn}, A.~G. and 
	{Datta}, K.~K. and {Falcke}, H. and {Ferrara}, A. and others},
    title = "{Reionization and the Cosmic Dawn with the Square Kilometre Array}",
  journal = {Experimental Astronomy},
archivePrefix = "arXiv",
   eprint = {1210.0197},
 keywords = {Cosmology: Observations, Dark ages, Reionization, First stars, Diffuse radiation, Intergalactic medium, Radio lines: General, Techniques: Interferometric},
     year = 2013,
    month = aug,
   volume = 36,
    pages = {235-318},
      doi = {10.1007/s10686-013-9334-5},
   adsurl = {http://adsabs.harvard.edu/abs/2013ExA....36..235M},
  adsnote = {Provided by the SAO/NASA Astrophysics Data System}
}

@ARTICLE{barger_et_al2009,
   author = {{Barger}, V. and {Gao}, Y. and {Mao}, Y. and {Marfatia}, D.},
    title = "{Inflationary potential from 21 cm tomography and Planck}",
  journal = {Physics Letters B},
archivePrefix = "arXiv",
   eprint = {0810.3337},
     year = 2009,
    month = mar,
   volume = 673,
    pages = {173-178},
      doi = {10.1016/j.physletb.2009.02.021},
   adsurl = {http://adsabs.harvard.edu/abs/2009PhLB..673..173B},
  adsnote = {Provided by the SAO/NASA Astrophysics Data System}
}

@ARTICLE{visbal_et_al2009,
   author = {{Visbal}, E. and {Loeb}, A. and {Wyithe}, S.},
    title = "{Cosmological constraints from 21cm surveys after reionization}",
  journal = {\jcap},
archivePrefix = "arXiv",
   eprint = {0812.0419},
     year = 2009,
    month = oct,
   volume = 10,
      eid = {030},
    pages = {30},
      doi = {10.1088/1475-7516/2009/10/030},
   adsurl = {http://adsabs.harvard.edu/abs/2009JCAP...10..030V},
  adsnote = {Provided by the SAO/NASA Astrophysics Data System}
}

@ARTICLE{clesse_et_al2012,
   author = {{Clesse}, S. and {Lopez-Honorez}, L. and {Ringeval}, C. and 
	{Tashiro}, H. and {Tytgat}, M.~H.~G.},
    title = "{Background reionization history from omniscopes}",
  journal = {\prd},
archivePrefix = "arXiv",
   eprint = {1208.4277},
 primaryClass = "astro-ph.CO",
 keywords = {Particle-theory and field-theory models of the early Universe, Background radiations},
     year = 2012,
    month = dec,
   volume = 86,
   number = 12,
      eid = {123506},
    pages = {123506},
      doi = {10.1103/PhysRevD.86.123506},
   adsurl = {http://adsabs.harvard.edu/abs/2012PhRvD..86l3506C},
  adsnote = {Provided by the SAO/NASA Astrophysics Data System}
}

@ARTICLE{oyama_et_al2013,
   author = {{Oyama}, Y. and {Shimizu}, A. and {Kohri}, K.},
    title = "{Determination of neutrino mass hierarchy by 21 cm line and CMB B-mode polarization observations}",
  journal = {Physics Letters B},
archivePrefix = "arXiv",
   eprint = {1205.5223},
     year = 2013,
    month = jan,
   volume = 718,
    pages = {1186-1193},
      doi = {10.1016/j.physletb.2012.12.053},
   adsurl = {http://adsabs.harvard.edu/abs/2013PhLB..718.1186O},
  adsnote = {Provided by the SAO/NASA Astrophysics Data System}
}

@ARTICLE{bull_et_al2015,
   author = {{Bull}, P. and {Ferreira}, P.~G. and {Patel}, P. and {Santos}, M.~G.
	},
    title = "{Late-time Cosmology with 21 cm Intensity Mapping Experiments}",
  journal = {\apj},
archivePrefix = "arXiv",
   eprint = {1405.1452},
 keywords = {cosmological parameters, cosmology: observations, large-scale structure of universe, radio lines: galaxies},
     year = 2015,
    month = apr,
   volume = 803,
      eid = {21},
    pages = {21},
      doi = {10.1088/0004-637X/803/1/21},
   adsurl = {http://adsabs.harvard.edu/abs/2015ApJ...803...21B},
  adsnote = {Provided by the SAO/NASA Astrophysics Data System}
}

@ARTICLE{bowman_et_al2007,
   author = {{Bowman}, J.~D. and {Morales}, M.~F. and {Hewitt}, J.~N.},
    title = "{Constraints on Fundamental Cosmological Parameters with Upcoming Redshifted 21 cm Observations}",
  journal = {\apj},
   eprint = {astro-ph/0512262},
 keywords = {Cosmology: Early Universe, Galaxies: Intergalactic Medium, Radio Lines: General, Techniques: Interferometric},
     year = 2007,
    month = may,
   volume = 661,
    pages = {1-9},
      doi = {10.1086/516560},
   adsurl = {http://adsabs.harvard.edu/abs/2007ApJ...661....1B},
  adsnote = {Provided by the SAO/NASA Astrophysics Data System}
}

@ARTICLE{pritchard_et_al2010,
   author = {{Pritchard}, J.~R. and {Loeb}, A. and {Wyithe}, J.~S.~B.},
    title = "{Constraining reionization using 21-cm observations in combination with CMB and Ly{$\alpha$} forest data}",
  journal = {\mnras},
archivePrefix = "arXiv",
   eprint = {0908.3891},
 keywords = {galaxies: high-redshift, intergalactic medium, cosmology: theory, diffuse radiation},
     year = 2010,
    month = oct,
   volume = 408,
    pages = {57-70},
      doi = {10.1111/j.1365-2966.2010.17150.x},
   adsurl = {http://adsabs.harvard.edu/abs/2010MNRAS.408...57P},
  adsnote = {Provided by the SAO/NASA Astrophysics Data System}
}


@ARTICLE{loeb_and_wyithe2008,
   author = {{Loeb}, A. and {Wyithe}, J.~S.~B.},
    title = "{Possibility of Precise Measurement of the Cosmological Power Spectrum with a Dedicated Survey of 21cm Emission after Reionization}",
  journal = {Physical Review Letters},
archivePrefix = "arXiv",
   eprint = {0801.1677},
 keywords = {Observational cosmology, Radio telescopes and instrumentation, heterodyne receivers, Radio microwave},
     year = 2008,
    month = apr,
   volume = 100,
   number = 16,
      eid = {161301},
    pages = {161301},
      doi = {10.1103/PhysRevLett.100.161301},
   adsurl = {http://adsabs.harvard.edu/abs/2008PhRvL.100p1301L},
  adsnote = {Provided by the SAO/NASA Astrophysics Data System}
}

@ARTICLE{tegmark_and_zaldarriaga2009,
   author = {{Tegmark}, M. and {Zaldarriaga}, M.},
    title = "{Fast Fourier transform telescope}",
  journal = {\prd},
archivePrefix = "arXiv",
   eprint = {0805.4414},
 keywords = {Observational cosmology},
     year = 2009,
    month = apr,
   volume = 79,
   number = 8,
      eid = {083530},
    pages = {083530},
      doi = {10.1103/PhysRevD.79.083530},
   adsurl = {http://adsabs.harvard.edu/abs/2009PhRvD..79h3530T},
  adsnote = {Provided by the SAO/NASA Astrophysics Data System}
}

@ARTICLE{mao_et_al2008,
   author = {{Mao}, Y. and {Tegmark}, M. and {McQuinn}, M. and {Zaldarriaga}, M. and 
	{Zahn}, O.},
    title = "{How accurately can 21cm tomography constrain cosmology?}",
  journal = {\prd},
archivePrefix = "arXiv",
   eprint = {0802.1710},
 keywords = {Observational cosmology, HI regions and 21-cm lines, diffuse translucent and high-velocity clouds},
     year = 2008,
    month = jul,
   volume = 78,
   number = 2,
      eid = {023529},
    pages = {023529},
      doi = {10.1103/PhysRevD.78.023529},
   adsurl = {http://adsabs.harvard.edu/abs/2008PhRvD..78b3529M},
  adsnote = {Provided by the SAO/NASA Astrophysics Data System}
}


@ARTICLE{paciga_et_al2013,
   author = {{Paciga}, G. and {Albert}, J.~G. and {Bandura}, K. and {Chang}, T.-C. and 
    {Gupta}, Y. and {Hirata}, C. and {Odegova}, J. and {Pen}, U.-L. and 
    {Peterson}, J.~B. and {Roy}, J. and {Shaw}, J.~R. and {Sigurdson}, K. and 
    {Voytek}, T.},
    title = "{A simulation-calibrated limit on the H I power spectrum from the GMRT Epoch of Reionization experiment}",
  journal = {\mnras},
archivePrefix = "arXiv",
   eprint = {1301.5906},
 primaryClass = "astro-ph.CO",
 keywords = {intergalactic medium, cosmology: observations, diffuse radiation, radio lines: general},
     year = 2013,
    month = may,
      doi = {10.1093/mnras/stt753},
   adsurl = {http://adsabs.harvard.edu/abs/2013MNRAS.tmp.1427P},
  adsnote = {Provided by the SAO/NASA Astrophysics Data System}
}


@ARTICLE{pober_et_al2014,
   author = {{Pober}, J.~C. and {Liu}, A. and {Dillon}, J.~S. and {Aguirre}, J.~E. and 
	{Bowman}, J.~D. and {Bradley}, R.~F. and {Carilli}, C.~L. and 
	{DeBoer}, D.~R. and {Hewitt}, J.~N. and {Jacobs}, D.~C. and 
	others},
    title = "{What Next-generation 21 cm Power Spectrum Measurements can Teach us About the Epoch of Reionization}",
  journal = {\apj},
archivePrefix = "arXiv",
   eprint = {1310.7031},
 keywords = {dark ages, reionization, first stars, techniques: interferometric},
     year = 2014,
    month = feb,
   volume = 782,
      eid = {66},
    pages = {66},
      doi = {10.1088/0004-637X/782/2/66},
   adsurl = {http://adsabs.harvard.edu/abs/2014ApJ...782...66P},
  adsnote = {Provided by the SAO/NASA Astrophysics Data System}
}

@ARTICLE{pober_et_al2013,
   author = {{Pober}, J.~C. and {Parsons}, A.~R. and {DeBoer}, D.~R. and 
	{McDonald}, P. and {McQuinn}, M. and {Aguirre}, J.~E. and {Ali}, Z. and 
	{Bradley}, R.~F. and {Chang}, T.-C. and {Morales}, M.~F.},
    title = "{The Baryon Acoustic Oscillation Broadband and Broad-beam Array: Design Overview and Sensitivity Forecasts}",
  journal = {\aj},
archivePrefix = "arXiv",
   eprint = {1210.2413},
 keywords = {cosmological parameters, distance scale, instrumentation: interferometers, large-scale structure of universe, techniques: interferometric },
     year = 2013,
    month = mar,
   volume = 145,
      eid = {65},
    pages = {65},
      doi = {10.1088/0004-6256/145/3/65},
   adsurl = {http://adsabs.harvard.edu/abs/2013AJ....145...65P},
  adsnote = {Provided by the SAO/NASA Astrophysics Data System}
}

@ARTICLE{Parsons_et_al2012b,
   author = {{Parsons}, A.~R. and {Pober}, J.~C. and {Aguirre}, J.~E. and 
	{Carilli}, C.~L. and {Jacobs}, D.~C. and {Moore}, D.~F.},
    title = "{A Per-baseline, Delay-spectrum Technique for Accessing the 21 cm Cosmic Reionization Signature}",
  journal = {\apj},
archivePrefix = "arXiv",
   eprint = {1204.4749},
 primaryClass = "astro-ph.IM",
 keywords = {cosmology: observations, instrumentation: interferometers, radio continuum: general, site testing, techniques: interferometric, telescopes},
     year = 2012,
    month = sep,
   volume = 756,
      eid = {165},
    pages = {165},
      doi = {10.1088/0004-637X/756/2/165},
   adsurl = {http://adsabs.harvard.edu/abs/2012ApJ...756..165P},
  adsnote = {Provided by the SAO/NASA Astrophysics Data System}
}


@ARTICLE{sievers_et_al2013,
   author = {{Sievers}, J.~L. and {Hlozek}, R.~A. and {Nolta}, M.~R. and 
	{Acquaviva}, V. and {Addison}, G.~E. and {Ade}, P.~A.~R. and 
	{Aguirre}, P. and {Amiri}, M. and {Appel}, J.~W. and {Barrientos}, L.~F. and 
	others},
    title = "{The Atacama Cosmology Telescope: cosmological parameters from three seasons of data}",
  journal = {\jcap},
archivePrefix = "arXiv",
   eprint = {1301.0824},
     year = 2013,
    month = oct,
   volume = 10,
      eid = {060},
    pages = {60},
      doi = {10.1088/1475-7516/2013/10/060},
   adsurl = {http://adsabs.harvard.edu/abs/2013JCAP...10..060S},
  adsnote = {Provided by the SAO/NASA Astrophysics Data System}
}

@ARTICLE{zahn_et_al2012,
   author = {{Zahn}, O. and {Reichardt}, C.~L. and {Shaw}, L. and {Lidz}, A. and 
	{Aird}, K.~A. and {Benson}, B.~A. and {Bleem}, L.~E. and {Carlstrom}, J.~E. and 
	{Chang}, C.~L. and {Cho}, H.~M. and others},
    title = "{Cosmic Microwave Background Constraints on the Duration and Timing of Reionization from the South Pole Telescope}",
  journal = {\apj},
archivePrefix = "arXiv",
   eprint = {1111.6386},
 keywords = {cosmology: theory, intergalactic medium, large-scale structure of universe},
     year = 2012,
    month = sep,
   volume = 756,
      eid = {65},
    pages = {65},
      doi = {10.1088/0004-637X/756/1/65},
   adsurl = {http://adsabs.harvard.edu/abs/2012ApJ...756...65Z},
  adsnote = {Provided by the SAO/NASA Astrophysics Data System}
}

@ARTICLE{george_et_al2015,
   author = {{George}, E.~M. and {Reichardt}, C.~L. and {Aird}, K.~A. and 
	{Benson}, B.~A. and {Bleem}, L.~E. and {Carlstrom}, J.~E. and 
	{Chang}, C.~L. and {Cho}, H.-M. and {Crawford}, T.~M. and {Crites}, A.~T. and 
	others},
    title = "{A Measurement of Secondary Cosmic Microwave Background Anisotropies from the 2500 Square-degree SPT-SZ Survey}",
  journal = {\apj},
archivePrefix = "arXiv",
   eprint = {1408.3161},
 keywords = {cosmic background radiation, cosmology: observations, dark ages, reionization, first stars, diffuse radiation, large-scale structure of universe},
     year = 2015,
    month = feb,
   volume = 799,
      eid = {177},
    pages = {177},
      doi = {10.1088/0004-637X/799/2/177},
   adsurl = {http://adsabs.harvard.edu/abs/2015ApJ...799..177G},
  adsnote = {Provided by the SAO/NASA Astrophysics Data System}
}

@BOOK{aviBook,
   author = {{Loeb}, A. and {Furlanetto}, S.~R.},
   title= "The First Galaxies In The Universe",
   publisher = "Princeton University Press, Princeton, NJ",
   year = 2013
   }
   
   @ARTICLE{furlanetto_et_al2006,
   author = {{Furlanetto}, S.~R. and {Oh}, S.~P. and {Briggs}, F.~H.},
    title = "{Cosmology at low frequencies: The 21 cm transition and the high-redshift Universe}",
  journal = {\physrep},
   eprint = {arXiv:astro-ph/0608032},
     year = 2006,
    month = oct,
   volume = 433,
    pages = {181-301},
      doi = {10.1016/j.physrep.2006.08.002},
   adsurl = {http://adsabs.harvard.edu/abs/2006PhR...433..181F},
  adsnote = {Provided by the SAO/NASA Astrophysics Data System}
}
   
   @ARTICLE{furlanetto_et_al2004,
   author = {{Furlanetto}, S.~R. and {Zaldarriaga}, M. and {Hernquist}, L.
	},
    title = "{The Growth of H II Regions During Reionization}",
  journal = {\apj},
   eprint = {astro-ph/0403697},
 keywords = {Cosmology: Theory, Cosmology: Diffuse Radiation, ISM: H II Regions, Galaxies: Intergalactic Medium},
     year = 2004,
    month = sep,
   volume = 613,
    pages = {1-15},
      doi = {10.1086/423025},
   adsurl = {http://adsabs.harvard.edu/abs/2004ApJ...613....1F},
  adsnote = {Provided by the SAO/NASA Astrophysics Data System}
}

@ARTICLE{mesinger_et_al2011,
   author = {{Mesinger}, A. and {Furlanetto}, S. and {Cen}, R.},
    title = "{21CMFAST: a fast, seminumerical simulation of the high-redshift 21-cm signal}",
  journal = {\mnras},
archivePrefix = "arXiv",
   eprint = {1003.3878},
 keywords = {methods: numerical, galaxies: high redshift, dark ages, reionization, first stars, diffuse radiation, early Universe, large-scale structure of Universe},
     year = 2011,
    month = feb,
   volume = 411,
    pages = {955-972},
      doi = {10.1111/j.1365-2966.2010.17731.x},
   adsurl = {http://adsabs.harvard.edu/abs/2011MNRAS.411..955M},
  adsnote = {Provided by the SAO/NASA Astrophysics Data System}
}

@ARTICLE{mesinger_et_al2012,
   author = {{Mesinger}, A. and {McQuinn}, M. and {Spergel}, D.~N.},
    title = "{The kinetic Sunyaev-Zel'dovich signal from inhomogeneous reionization: a parameter space study}",
  journal = {\mnras},
archivePrefix = "arXiv",
   eprint = {1112.1820},
 keywords = {galaxies: high-redshift, cosmic background radiation, dark ages, reionization, first stars, diffuse radiation, early Universe, large-scale structure of Universe},
     year = 2012,
    month = may,
   volume = 422,
    pages = {1403-1417},
      doi = {10.1111/j.1365-2966.2012.20713.x},
   adsurl = {http://adsabs.harvard.edu/abs/2012MNRAS.422.1403M},
  adsnote = {Provided by the SAO/NASA Astrophysics Data System}
}

@ARTICLE{greig_and_mesinger2015,
   author = {{Greig}, B. and {Mesinger}, A.},
    title = "{21CMMC: an MCMC analysis tool enabling astrophysical parameter studies of the cosmic 21 cm signal}",
  journal = {\mnras},
archivePrefix = "arXiv",
   eprint = {1501.06576},
 keywords = {galaxies: high-redshift, intergalactic medium, cosmology: theory, dark ages, reionization, first stars, diffuse radiation, early Universe},
     year = 2015,
    month = jun,
   volume = 449,
    pages = {4246-4263},
      doi = {10.1093/mnras/stv571},
   adsurl = {http://adsabs.harvard.edu/abs/2015MNRAS.449.4246G},
  adsnote = {Provided by the SAO/NASA Astrophysics Data System}
}

@ARTICLE{bennett_et_al2014,
   author = {{Bennett}, C.~L. and {Larson}, D. and {Weiland}, J.~L. and {Hinshaw}, G.
	},
    title = "{The 1\% Concordance Hubble Constant}",
  journal = {\apj},
archivePrefix = "arXiv",
   eprint = {1406.1718},
 keywords = {cosmological parameters, cosmology: observations, distance scale},
     year = 2014,
    month = oct,
   volume = 794,
      eid = {135},
    pages = {135},
      doi = {10.1088/0004-637X/794/2/135},
   adsurl = {http://adsabs.harvard.edu/abs/2014ApJ...794..135B},
  adsnote = {Provided by the SAO/NASA Astrophysics Data System}
}

@ARTICLE{riess_et_al2011,
   author = {{Riess}, A.~G. and {Macri}, L. and {Casertano}, S. and {Lampeitl}, H. and 
	{Ferguson}, H.~C. and {Filippenko}, A.~V. and {Jha}, S.~W. and 
	{Li}, W. and {Chornock}, R.},
    title = "{A 3\% Solution: Determination of the Hubble Constant with the Hubble Space Telescope and Wide Field Camera 3}",
  journal = {\apj},
archivePrefix = "arXiv",
   eprint = {1103.2976},
 keywords = {cosmological parameters, dark energy, distance scale, galaxies: distances and redshifts, stars: variables: Cepheids, supernovae: general},
     year = 2011,
    month = apr,
   volume = 730,
      eid = {119},
    pages = {119},
      doi = {10.1088/0004-637X/730/2/119},
   adsurl = {http://adsabs.harvard.edu/abs/2011ApJ...730..119R},
  adsnote = {Provided by the SAO/NASA Astrophysics Data System}
}

@ARTICLE{Planck2015clusters,
   author = {{Planck Collaboration} and {Ade}, P.~A.~R. and {Aghanim}, N. and 
	{Arnaud}, M. and {Ashdown}, M. and {Aumont}, J. and {Baccigalupi}, C. and 
	{Banday}, A.~J. and {Barreiro}, R.~B. and {Bartlett}, J.~G. and others},
    title = "{Planck 2015 results. XXIV. Cosmology from Sunyaev-Zeldovich cluster counts}",
  journal = {ArXiv e-prints},
archivePrefix = "arXiv",
   eprint = {1502.01597},
 keywords = {Astrophysics - Cosmology and Nongalactic Astrophysics},
     year = 2015,
    month = feb,
   adsurl = {http://adsabs.harvard.edu/abs/2015arXiv150201597P},
  adsnote = {Provided by the SAO/NASA Astrophysics Data System}
}

@ARTICLE{dvorkin_et_al2009,
   author = {{Dvorkin}, C. and {Smith}, K.~M.},
    title = "{Reconstructing patchy reionization from the cosmic microwave background}",
  journal = {\prd},
archivePrefix = "arXiv",
   eprint = {0812.1566},
 keywords = {Background radiations},
     year = 2009,
    month = feb,
   volume = 79,
   number = 4,
      eid = {043003},
    pages = {043003},
      doi = {10.1103/PhysRevD.79.043003},
   adsurl = {http://adsabs.harvard.edu/abs/2009PhRvD..79d3003D},
  adsnote = {Provided by the SAO/NASA Astrophysics Data System}
}

@ARTICLE{su_et_al2011,
   author = {{Su}, M. and {Yadav}, A.~P.~S. and {McQuinn}, M. and {Yoo}, J. and 
	{Zaldarriaga}, M.},
    title = "{An Improved Forecast of Patchy Reionization Reconstruction with CMB}",
  journal = {ArXiv e-prints},
archivePrefix = "arXiv",
   eprint = {1106.4313},
 primaryClass = "astro-ph.CO",
 keywords = {Astrophysics - Cosmology and Extragalactic Astrophysics},
     year = 2011,
    month = jun,
   adsurl = {http://adsabs.harvard.edu/abs/2011arXiv1106.4313S},
  adsnote = {Provided by the SAO/NASA Astrophysics Data System}
}

@ARTICLE{levi_et_al2013,
   author = {{Levi}, M. and {Bebek}, C. and {Beers}, T. and {Blum}, R. and 
	{Cahn}, R. and {Eisenstein}, D. and {Flaugher}, B. and {Honscheid}, K. and 
	{Kron}, R. and {Lahav}, O. and {McDonald}, P. and {Roe}, N. and 
	{Schlegel}, D. and {representing the DESI collaboration}},
    title = "{The DESI Experiment, a whitepaper for Snowmass 2013}",
  journal = {ArXiv e-prints},
archivePrefix = "arXiv",
   eprint = {1308.0847},
 primaryClass = "astro-ph.CO",
 keywords = {Astrophysics - Cosmology and Extragalactic Astrophysics, Astrophysics - Instrumentation and Methods for Astrophysics},
     year = 2013,
    month = aug,
   adsurl = {http://adsabs.harvard.edu/abs/2013arXiv1308.0847L},
  adsnote = {Provided by the SAO/NASA Astrophysics Data System}
}


@ARTICLE{pritchard_and_loeb2010,
   author = {{Pritchard}, J.~R. and {Loeb}, A.},
    title = "{Constraining the unexplored period between the dark ages and reionization with observations of the global 21 cm signal}",
  journal = {\prd},
archivePrefix = "arXiv",
   eprint = {1005.4057},
 keywords = {Background radiations, Dark matter, Characteristics and properties of external galaxies and extragalactic objects},
     year = 2010,
    month = jul,
   volume = 82,
   number = 2,
      eid = {023006},
    pages = {023006},
      doi = {10.1103/PhysRevD.82.023006},
   adsurl = {http://adsabs.harvard.edu/abs/2010PhRvD..82b3006P},
  adsnote = {Provided by the SAO/NASA Astrophysics Data System}
}

@ARTICLE{evoli_et_al2014,
   author = {{Evoli}, C. and {Mesinger}, A. and {Ferrara}, A.},
    title = "{Unveiling the nature of dark matter with high redshift 21 cm line experiments}",
  journal = {\jcap},
archivePrefix = "arXiv",
   eprint = {1408.1109},
 primaryClass = "astro-ph.HE",
     year = 2014,
    month = nov,
   volume = 11,
      eid = {024},
    pages = {24},
      doi = {10.1088/1475-7516/2014/11/024},
   adsurl = {http://adsabs.harvard.edu/abs/2014JCAP...11..024E},
  adsnote = {Provided by the SAO/NASA Astrophysics Data System}
}

@ARTICLE{valdes_et_al2013,
   author = {{Vald{\'e}s}, M. and {Evoli}, C. and {Mesinger}, A. and {Ferrara}, A. and 
	{Yoshida}, N.},
    title = "{The nature of dark matter from the global high-redshift H I 21 cm signal}",
  journal = {\mnras},
archivePrefix = "arXiv",
   eprint = {1209.2120},
 primaryClass = "astro-ph.CO",
 keywords = {intergalactic medium, cosmology: theory, dark matter, diffuse radiation},
     year = 2013,
    month = feb,
   volume = 429,
    pages = {1705-1716},
      doi = {10.1093/mnras/sts458},
   adsurl = {http://adsabs.harvard.edu/abs/2013MNRAS.429.1705V},
  adsnote = {Provided by the SAO/NASA Astrophysics Data System}
}

@ARTICLE{mirabel_et_al2011,
   author = {{Mirabel}, I.~F. and {Dijkstra}, M. and {Laurent}, P. and {Loeb}, A. and 
	{Pritchard}, J.~R.},
    title = "{Stellar black holes at the dawn of the universe}",
  journal = {\aap},
archivePrefix = "arXiv",
   eprint = {1102.1891},
 keywords = {X-rays: binaries, black hole physics, dark ages, reionization, first stars, cosmology: miscellaneous, intergalactic medium},
     year = 2011,
    month = apr,
   volume = 528,
      eid = {A149},
    pages = {A149},
      doi = {10.1051/0004-6361/201016357},
   adsurl = {http://adsabs.harvard.edu/abs/2011A%26A...528A.149M},
  adsnote = {Provided by the SAO/NASA Astrophysics Data System}
}

@ARTICLE{gnedin_and_shaver2004,
   author = {{Gnedin}, N.~Y. and {Shaver}, P.~A.},
    title = "{Redshifted 21 Centimeter Emission from the Pre-Reionization Era. I. Mean Signal and Linear Fluctuations}",
  journal = {\apj},
   eprint = {astro-ph/0312005},
 keywords = {Cosmology: Theory, Cosmology: Diffuse Radiation, Galaxies: Formation, Galaxies: Intergalactic Medium, Cosmology: Large-Scale Structure of Universe, Radio Lines: General},
     year = 2004,
    month = jun,
   volume = 608,
    pages = {611-621},
      doi = {10.1086/420735},
   adsurl = {http://adsabs.harvard.edu/abs/2004ApJ...608..611G},
  adsnote = {Provided by the SAO/NASA Astrophysics Data System}
}

@ARTICLE{mortonson_and_hu2008,
   author = {{Mortonson}, M.~J. and {Hu}, W.},
    title = "{Model-Independent Constraints on Reionization from Large-Scale Cosmic Microwave Background Polarization}",
  journal = {\apj},
archivePrefix = "arXiv",
   eprint = {0705.1132},
 keywords = {Cosmology: Cosmic Microwave Background, Cosmology: Theory, Cosmology: Large-Scale Structure of Universe},
     year = 2008,
    month = jan,
   volume = 672,
    pages = {737-751},
      doi = {10.1086/523958},
   adsurl = {http://adsabs.harvard.edu/abs/2008ApJ...672..737M},
  adsnote = {Provided by the SAO/NASA Astrophysics Data System}
}

@ARTICLE{calabrese_et_al2014,
   author = {{Calabrese}, E. and {Hlo{\v z}ek}, R. and {Battaglia}, N. and 
	{Bond}, J.~R. and {de Bernardis}, F. and {Devlin}, M.~J. and 
	{Hajian}, A. and {Henderson}, S. and {Hil}, J.~C. and {Kosowsky}, A. and 
	others},
    title = "{Precision epoch of reionization studies with next-generation CMB experiments}",
  journal = {\jcap},
archivePrefix = "arXiv",
   eprint = {1406.4794},
     year = 2014,
    month = aug,
   volume = 8,
      eid = {010},
    pages = {10},
      doi = {10.1088/1475-7516/2014/08/010},
   adsurl = {http://adsabs.harvard.edu/abs/2014JCAP...08..010C},
  adsnote = {Provided by the SAO/NASA Astrophysics Data System}
}

@ARTICLE{MoradinezhadDizgah_et_al2013,
   author = {{Moradinezhad Dizgah}, A. and {Gnedin}, N.~Y. and {Kinney}, W.~H.
	},
    title = "{Reionization history and CMB parameter estimation}",
  journal = {\jcap},
archivePrefix = "arXiv",
   eprint = {1211.7007},
 primaryClass = "astro-ph.CO",
     year = 2013,
    month = may,
   volume = 5,
      eid = {017},
    pages = {17},
      doi = {10.1088/1475-7516/2013/05/017},
   adsurl = {http://adsabs.harvard.edu/abs/2013JCAP...05..017M},
  adsnote = {Provided by the SAO/NASA Astrophysics Data System}
}

@ARTICLE{Miralda-Escude_et_al2000,
   author = {{Miralda-Escud{\'e}}, J. and {Haehnelt}, M. and {Rees}, M.~J.
	},
    title = "{Reionization of the Inhomogeneous Universe}",
  journal = {\apj},
   eprint = {astro-ph/9812306},
 keywords = {COSMOLOGY: THEORY, GALAXIES: INTERGALACTIC MEDIUM, COSMOLOGY: LARGE-SCALE STRUCTURE OF UNIVERSE, GALAXIES: QUASARS: ABSORPTION LINES},
     year = 2000,
    month = feb,
   volume = 530,
    pages = {1-16},
      doi = {10.1086/308330},
   adsurl = {http://adsabs.harvard.edu/abs/2000ApJ...530....1M},
  adsnote = {Provided by the SAO/NASA Astrophysics Data System}
}

@ARTICLE{barkana_and_loeb2004,
   author = {{Barkana}, R. and {Loeb}, A.},
    title = "{Unusually Large Fluctuations in the Statistics of Galaxy Formation at High Redshift}",
  journal = {\apj},
   eprint = {astro-ph/0310338},
 keywords = {Cosmology: Theory, Galaxies: Formation, Galaxies: High-Redshift},
     year = 2004,
    month = jul,
   volume = 609,
    pages = {474-481},
      doi = {10.1086/421079},
   adsurl = {http://adsabs.harvard.edu/abs/2004ApJ...609..474B},
  adsnote = {Provided by the SAO/NASA Astrophysics Data System}
}

@ARTICLE{watkinson_and_pritchard2014,
   author = {{Watkinson}, C.~A. and {Pritchard}, J.~R.},
    title = "{Distinguishing models of reionization using future radio observations of 21-cm 1-point statistics}",
  journal = {\mnras},
archivePrefix = "arXiv",
   eprint = {1312.1342},
 keywords = {methods: statistical, intergalactic medium, cosmology: theory, dark ages, reionization, first stars},
     year = 2014,
    month = oct,
   volume = 443,
    pages = {3090-3106},
      doi = {10.1093/mnras/stu1384},
   adsurl = {http://adsabs.harvard.edu/abs/2014MNRAS.443.3090W},
  adsnote = {Provided by the SAO/NASA Astrophysics Data System}
}

@ARTICLE{zahn_et_al2011,
   author = {{Zahn}, O. and {Mesinger}, A. and {McQuinn}, M. and {Trac}, H. and 
	{Cen}, R. and {Hernquist}, L.~E.},
    title = "{Comparison of reionization models: radiative transfer simulations and approximate, seminumeric models}",
  journal = {\mnras},
archivePrefix = "arXiv",
   eprint = {1003.3455},
 keywords = {intergalactic medium, cosmology: theory, dark ages, reionization, first stars, diffuse radiation, large-scale structure of Universe},
     year = 2011,
    month = jun,
   volume = 414,
    pages = {727-738},
      doi = {10.1111/j.1365-2966.2011.18439.x},
   adsurl = {http://adsabs.harvard.edu/abs/2011MNRAS.414..727Z},
  adsnote = {Provided by the SAO/NASA Astrophysics Data System}
}

@ARTICLE{presley_et_al2015,
   author = {{Presley}, M.~E. and {Liu}, A. and {Parsons}, A.~R.},
    title = "{Measuring the Cosmological 21 cm Monopole with an Interferometer}",
  journal = {\apj},
archivePrefix = "arXiv",
   eprint = {1501.01633},
 keywords = {dark ages, reionization, first stars, techniques: interferometric},
     year = 2015,
    month = aug,
   volume = 809,
      eid = {18},
    pages = {18},
      doi = {10.1088/0004-637X/809/1/18},
   adsurl = {http://adsabs.harvard.edu/abs/2015ApJ...809...18P},
  adsnote = {Provided by the SAO/NASA Astrophysics Data System}
}

@ARTICLE{greenhill2012,
  author = {{Greenhill}, L.~J. and {Bernardi}, G.},
   title = "{HI Epoch of Reionization Arrays}",
 journal = {ArXiv e-prints},
archivePrefix = "arXiv",
  eprint = {1201.1700},
primaryClass = "astro-ph.CO",
keywords = {Astrophysics - Cosmology and Extragalactic Astrophysics, Astrophysics - Instrumentation and Methods for Astrophysics},
    year = 2012,
   month = jan,
  adsurl = {http://adsabs.harvard.edu/abs/2012arXiv1201.1700G},
 adsnote = {Provided by the SAO/NASA Astrophysics Data System}
}

@ARTICLE{burns2012,
  author = {{Burns}, J.~O. and {Lazio}, J. and {Bale}, S. and {Bowman}, J. and 
	{Bradley}, R. and {Carilli}, C. and {Furlanetto}, S. and {Harker}, G. and 
	{Loeb}, A. and {Pritchard}, J.},
   title = "{Probing the first stars and black holes in the early Universe with the Dark Ages Radio Explorer (DARE)}",
 journal = {Advances in Space Research},
archivePrefix = "arXiv",
  eprint = {1106.5194},
    year = 2012,
   month = feb,
  volume = 49,
   pages = {433-450},
     doi = {10.1016/j.asr.2011.10.014},
  adsurl = {http://adsabs.harvard.edu/abs/2012AdSpR..49..433B},
 adsnote = {Provided by the SAO/NASA Astrophysics Data System}
}

@ARTICLE{Sokolowski_et_al2015,
   author = {{Sokolowski}, M. and {Tremblay}, S.~E. and {Wayth}, R.~B. and 
	{Tingay}, S.~J. and {Clarke}, N. and {Roberts}, P. and {Waterson}, M. and 
	{Ekers}, R.~D. and {Hall}, P. and {Lewis}, M. and {Mossammaparast}, M. and 
	{Padhi}, S. and {Schlagenhaufer}, F. and {Sutinjo}, A. and {Tickner}, J.
	},
    title = "{BIGHORNS - Broadband Instrument for Global HydrOgen ReioNisation Signal}",
  journal = {\pasa},
archivePrefix = "arXiv",
   eprint = {1501.02922},
 primaryClass = "astro-ph.IM",
 keywords = {cosmology: observations, dark ages, reionisation, first stars, instrumentation: miscellaneous, methods: data analysis, methods: observational},
     year = 2015,
    month = feb,
   volume = 32,
      eid = {e004},
    pages = {4},
      doi = {10.1017/pasa.2015.3},
   adsurl = {http://adsabs.harvard.edu/abs/2015PASA...32....4S},
  adsnote = {Provided by the SAO/NASA Astrophysics Data System}
}

@ARTICLE{mahesh_et_al2014,
   author = {{Mahesh}, N. and {Subrahmanyan}, R. and {Udaya Shankar}, N. and 
	{Raghunathan}, A.},
    title = "{A Resistive Wideband Space Beam Splitter}",
  journal = {ArXiv e-prints},
archivePrefix = "arXiv",
   eprint = {1406.2585},
 primaryClass = "astro-ph.IM",
 keywords = {Astrophysics - Instrumentation and Methods for Astrophysics, Physics - Optics},
     year = 2014,
    month = jun,
   adsurl = {http://adsabs.harvard.edu/abs/2014arXiv1406.2585M},
  adsnote = {Provided by the SAO/NASA Astrophysics Data System}
}


@ARTICLE{patra_et_al2013,
   author = {{Patra}, N. and {Subrahmanyan}, R. and {Raghunathan}, A. and 
	{Udaya Shankar}, N.},
    title = "{SARAS: a precision system for measurement of the cosmic radio background and signatures from the epoch of reionization}",
  journal = {Experimental Astronomy},
archivePrefix = "arXiv",
   eprint = {1211.3800},
 primaryClass = "astro-ph.IM",
 keywords = {Astronomical instrumentation, Methods and techniques, Methods: observational, Cosmic background radiation, Cosmology: observations, Dark ages, Reionization, First stars, Radio continuum: ISM},
     year = 2013,
    month = aug,
   volume = 36,
    pages = {319-370},
      doi = {10.1007/s10686-013-9336-3},
   adsurl = {http://adsabs.harvard.edu/abs/2013ExA....36..319P},
  adsnote = {Provided by the SAO/NASA Astrophysics Data System}
}



@ARTICLE{voytek2014,
  author = {{Voytek}, T.~C. and {Natarajan}, A. and {J{\'a}uregui Garc{\'{\i}}a}, J.~M. and 
	{Peterson}, J.~B. and {L{\'o}pez-Cruz}, O.},
   title = "{Probing the Dark Ages at z \~{} 20: The SCI-HI 21 cm All-sky Spectrum Experiment}",
 journal = {\apjl},
archivePrefix = "arXiv",
  eprint = {1311.0014},
primaryClass = "astro-ph.CO",
keywords = {cosmology: observations, dark ages, reionization, first stars, methods: observational, radio continuum: general},
    year = 2014,
   month = feb,
  volume = 782,
     eid = {L9},
   pages = {L9},
     doi = {10.1088/2041-8205/782/1/L9},
  adsurl = {http://adsabs.harvard.edu/abs/2014ApJ...782L...9V},
 adsnote = {Provided by the SAO/NASA Astrophysics Data System}
}


@ARTICLE{bernardi_et_al2015,
   author = {{Bernardi}, G. and {McQuinn}, M. and {Greenhill}, L.~J.},
    title = "{Foreground Model and Antenna Calibration Errors in the Measurement of the Sky-averaged {$\lambda$}21 cm Signal at z\~{} 20}",
  journal = {\apj},
archivePrefix = "arXiv",
   eprint = {1404.0887},
 keywords = {cosmology: observations, dark ages, reionization, first stars, early universe, intergalactic medium, methods: observational, techniques: interferometric },
     year = 2015,
    month = jan,
   volume = 799,
      eid = {90},
    pages = {90},
      doi = {10.1088/0004-637X/799/1/90},
   adsurl = {http://adsabs.harvard.edu/abs/2015ApJ...799...90B},
  adsnote = {Provided by the SAO/NASA Astrophysics Data System}
}

@ARTICLE{hirata_and_sigurdson2007,
   author = {{Hirata}, C.~M. and {Sigurdson}, K.},
    title = "{The spin-resolved atomic velocity distribution and 21-cm line profile of dark-age gas}",
  journal = {\mnras},
   eprint = {astro-ph/0605071},
 keywords = {atomic processes, line: profiles, intergalactic medium, cosmology: theory},
     year = 2007,
    month = mar,
   volume = 375,
    pages = {1241-1264},
      doi = {10.1111/j.1365-2966.2006.11321.x},
   adsurl = {http://adsabs.harvard.edu/abs/2007MNRAS.375.1241H},
  adsnote = {Provided by the SAO/NASA Astrophysics Data System}
}

@ARTICLE{hirata2006,
   author = {{Hirata}, C.~M.},
    title = "{Wouthuysen-Field coupling strength and application to high-redshift 21-cm radiation}",
  journal = {\mnras},
   eprint = {astro-ph/0507102},
 keywords = {radiative transfer-intergalactic medium},
     year = 2006,
    month = mar,
   volume = 367,
    pages = {259-274},
      doi = {10.1111/j.1365-2966.2005.09949.x},
   adsurl = {http://adsabs.harvard.edu/abs/2006MNRAS.367..259H},
  adsnote = {Provided by the SAO/NASA Astrophysics Data System}
}
